\usepackage[utf8]{inputenc}

@Webpage {project-info,
   author = "Václav Šimek",
   title = "Pár slov k projektům… \textit{IMP – projekt \uv{Světelná tabule}}",
   year = "2021",
   howpublished = {[online prezentace]},
   url = "{https://wis.fit.vutbr.cz/FIT/st/cfs.php.cs?file=\%2Fcourse\%2FIMP-IT\%2Fprojects\%2FIMP_projekt+-+svetelna_tabule.pdf&cid=14662}",
   note = "[Cit. 5. 12. 2021]"
 }
 