 @Misc{Wiki2019,
   author = "Wikipedie",
   title = "Typografie --- Wikipedie: Otev\v{r}en\'{a} encyklopedie",
   year = "rev. 23. 12. 2019",
   howpublished = {[Online]},
   url = "{https://cs.wikipedia.org/w/index.php?title=Typografie&oldid=17969568}",
   note = "[vid. 11. 04. 2020]."
 }
 
  @Misc{Tejkalova2014,
   author = "Nina TEJKALOV\'{A}",
   title = "Typografie â€“ klasifikace a pravidla",
   year = "21. 5. 2014",
   howpublished = {[Online]},
   url = "{https://www.atlantic.cz/typografie/}",
   note = "[vid. 11. 04. 2020]."
 }
 
   @Misc{Stern2009,
   author = "Zack STERN",
   title = "Save Time By Scanning Paper Documents",
   year = "29. 6. 2009",
   howpublished = {[Online]},
   url = "{https://www.computerworld.com/article/2526156/save-time-by-scanning-paper-documents.html}",
   note = "[vid. 11. 04. 2020]."
 }

  @InBook{Bringhurst1992,
	author = {Robert BRINGHURST},
	title = {The Elements of Typographic Style},
	chapter = {THE GRAND DESIGN },
	pages = {19},
	publisher = {Hartley \& Marks Publishers},
	address = {Vancouver},
	year = {1992},
	edition = {3},
	ISBN = {0-88179-205-5},
}

  @InBook{Maria2016,
	author = {Jason Santa MARIA},
	title = {On Web Typography},
	chapter = {How we read},
	pages = {6},
	publisher = {Adams Media},
	address = {Avon},
	year = {2014},
	ISBN = {978-1937557072},
}
 
 @MastersThesis{Uhlirova2016,
	author = {Martina UHL\'{I}\v{R}OV\'{A}},
	title = {Typografie web designu},
	school = {Univerzita Karlova v Praze, Filozofick\'{a} fakulta, \'{U}stav informa\v{c}n\'{i}ch studi\'{i} a knihovnictv\'{i}},
	year = {2016},
	type = {Diplomov\'{a} pr\'{a}ce},
}

 @MastersThesis{Jirasek2015,
	author = {Mat\v{e}j Ka\v{s}par JIR\'{A}SEK},
	title = {Mo\v{z}nosti a limity webov\'{e} typografie},
	school = {Masarykova univerzita, Fakulta informatiky},
	year = {2015},
	type = {Bakal\'{a}\v{r}sk\'{a} pr\'{a}ce},
}


@Article{Cisar2006,
	author = {Jaroslav C\'{I}SA\v{R}},
	title = {Ti\v{s}t\v{e}n\'{a} kniha je v\v{e}\v{c}n\'{a}...},
	journal = {Typografia:\v{c}asopis pro technick\'{e} a spole\v{c}ensk\'{e} z\'{a}jmy knihtiska\v{r}\r{u}},
	volume = {109},
	number = {12},
	pages = {2},
	year = {2006},
	ISSN = {0322-9068},
}

@Article{Gomolski2006,
    author = {Barbara GOMOLSKI},
	title = {Are we multitasking ourselves into chaos?},
	journal = {Computerworld},
	volume = {40},
	number = {21},
	pages = {59},
	year = {2006},
	ISSN = {0010-4841},
}

@Article{Stejskalova2006,
	author = {Helena STEJSKALOV\'{A}},
	title = {Servis tiskov\'{y}ch stroj\r{u} \#2},
	journal = {Typografia:\v{c}asopis pro technick\'{e} a spole\v{c}ensk\'{e} z\'{a}jmy knihtiska\v{r}\r{u}},
	volume = {109},
	number = {12},
	pages = {6},
	year = {2006},
	ISSN = {0322-9068},
 }